<?xml version="1.0" encoding="utf-8"?>
<record xmlns="http://www.loc.gov/MARC21/slim" xmlns:xsi="http://www.w3.org/2001/XMLSchema-instance" xsi:schemaLocation="http://www.loc.gov/MARC21/slim http://www.loc.gov/standards/marcxml/schema/MARC21slim.xsd">
	<leader>     nam a22     Mi 4500</leader>
	<controlfield tag="001">b12761187</controlfield>
	<controlfield tag="003">LeBAU</controlfield>
	<controlfield tag="006">m        d        </controlfield>
	<controlfield tag="007">cr cn |||m|||a</controlfield>
	<controlfield tag="008">180604s1921    iq      o     ||0 0 ara d</controlfield>
	<datafield ind1=" " ind2=" " tag="040">
		<subfield code="a">ZYU</subfield>
		<subfield code="b">ara</subfield>
		<subfield code="e">rda</subfield>
		<subfield code="c">ZYU</subfield>
	</datafield>
	<datafield ind1="0" ind2="4" tag="082">
		<subfield code="a"> 349.567</subfield>
		<subfield code="2">20</subfield>
	</datafield>
	<datafield ind1="1" ind2=" " tag="110">
		<subfield code="6">880-01</subfield>
		<subfield code="a">Iraq,</subfield>
		<subfield code="e">issuing body.</subfield>
	</datafield>
	<datafield ind1="1" ind2="0" tag="240">
		<subfield code="6">880-02</subfield>
		<subfield code="a">Laws, etc.</subfield>
	</datafield>
	<datafield ind1="1" ind2="0" tag="245">
		<subfield code="6">880-03</subfield>
		<subfield code="a">Majmū‘at al-bayānāt wa al-iʻlānāt wa-ghayrahā :</subfield>
		<subfield code="b">allatī hiya nāfidhah wa-al-muta‘alliqah bi-ahālī al-‘Irāq wa-idāratihā al-malakīyah wa-al-muṣaddarah min al-qā’id al-‘āmm aw bi-tafwīḍ minhu min 11 Mārj 1917 ilá 30 Sibtambir sanat 1920.</subfield>
	</datafield>
	<datafield ind1="3" ind2=" " tag="246">
		<subfield code="i">Title should read:</subfield>
		<subfield code="a">Majmū‘at al-bayānāt wa al-iʻlānāt wa-ghayrahā :</subfield>
		<subfield code="b">allatī hiya nāfidhah wa-al-muta‘alliqah bi-ahālī al-‘Irāq wa-idāratihā al-malakīyah wa-al-muṣaddarah min al-qā’id al-‘āmm aw bi-tafwīḍ minhu min 11 Mārs 1917 ilá 30 Sibtambir sanat 1920</subfield>
	</datafield>
	<datafield ind1="1" ind2=" " tag="246">
		<subfield code="6">880-04</subfield>
		<subfield code="i">العنوان يجب أن يقرأ:</subfield>
		<subfield code="a">مجموعة البيانات والإعلانات وغيرها :</subfield>
		<subfield code="b">التي هي الآن نافذة والمتعلقة بأهالي العراق وإدارتها الملكية والمصدرة من القائد العام أو بتفويض منه من 11 مارس سنة 1917 إلى 30 سبتمبر سنة 1920</subfield>
	</datafield>
	<datafield ind1=" " ind2="1" tag="264">
		<subfield code="6">880-05</subfield>
		<subfield code="a">Baghdād :</subfield>
		<subfield code="b">Maṭbaʻat al-Ḥukūmah,</subfield>
		<subfield code="c">1921.</subfield>
	</datafield>
	<datafield ind1=" " ind2=" " tag="300">
		<subfield code="6">880-06</subfield>
		<subfield code="a">online resource (131 pages)</subfield>
	</datafield>
	<datafield ind1=" " ind2=" " tag="336">
		<subfield code="a">text</subfield>
		<subfield code="2">rdacontent</subfield>
	</datafield>
	<datafield ind1=" " ind2=" " tag="337">
		<subfield code="a">computer</subfield>
		<subfield code="2">rdamedia</subfield>
	</datafield>
	<datafield ind1=" " ind2=" " tag="338">
		<subfield code="a">online resource</subfield>
		<subfield code="2">rdacarrier</subfield>
	</datafield>
	<datafield ind1=" " ind2=" " tag="500">
		<subfield code="a">&quot;يستثنى من هذه المجموعة من بيانات العدلية والبريد والكمارك وإعلاناتها ما ليس فيه فائدة عمومية، وأيضاً الإعلانات الصادرة من الحكام العسكريين والسياسيين.&quot;</subfield>
	</datafield>
	<datafield ind1=" " ind2=" " tag="500">
		<subfield code="a">Part of the Arabic Collections Online (ACO) project, contributed by American University of Beirut's Jafet Memorial Library.</subfield>
	</datafield>
	<datafield ind1=" " ind2=" " tag="533">
		<subfield code="a">Electronic reproduction.</subfield>
		<subfield code="b">New York, N.Y. :</subfield>
		<subfield code="c">New York University,</subfield>
		<subfield code="d">2018.</subfield>
		<subfield code="5">NNU</subfield>
	</datafield>
	<datafield ind1="1" ind2="4" tag="610">
		<subfield code="a">العراق.</subfield>
		<subfield code="t">قوانين، الخ.</subfield>
	</datafield>
	<datafield ind1="1" ind2="0" tag="610">
		<subfield code="a">Iraq.</subfield>
		<subfield code="t">Laws, etc.</subfield>
	</datafield>
	<datafield ind1="2" ind2=" " tag="710">
		<subfield code="a">Jafet Memorial Library.</subfield>
	</datafield>
	<datafield ind1="0" ind2=" " tag="730">
		<subfield code="a">Arabic Collections Online.</subfield>
	</datafield>
	<datafield ind1="0" ind2="8" tag="776">
		<subfield code="i">Print version:</subfield>
		<subfield code="a">Iraq, issuing body.</subfield>
		<subfield code="t">Majmū‘at al-bayānāt wa al-iʻlānāt wa-ghayrahā</subfield>
		<subfield code="w">(LeBAU)b12761187</subfield>
	</datafield>
	<datafield ind1="4" ind2="0" tag="856">
		<subfield code="u">http://hdl.handle.net/2333.1/2rbp00d8</subfield>
	</datafield>
	<datafield ind1="1" ind2=" " tag="880">
		<subfield code="6">110-01</subfield>
		<subfield code="a">العراق،</subfield>
		<subfield code="e">هيئة إصدار. </subfield>
		<subfield code="4">isb.</subfield>
	</datafield>
	<datafield ind1="1" ind2="0" tag="880">
		<subfield code="6">240-02</subfield>
		<subfield code="a">قوانين، الخ.</subfield>
	</datafield>
	<datafield ind1="1" ind2="0" tag="880">
		<subfield code="6">245-03</subfield>
		<subfield code="a">مجموعة البيانات و الاعلانات وغيرها :</subfield>
		<subfield code="b">التي هي الآن نافذة و المتعلقة بأهالي العراق وإدارتها الملكية و المصدرة من القائد العام أو بتفويض منه، من 11 مارج سنة 1917 إلى 30 سبتمبر سنة 1920.</subfield>
	</datafield>
	<datafield ind1="1" ind2=" " tag="880">
		<subfield code="6">246-04</subfield>
		<subfield code="i">Title should read:</subfield>
		<subfield code="a">Majmū‘at al-bayānāt wa al-iʻlānāt wa-ghayrahā :</subfield>
		<subfield code="b">allatī hiya nāfidhah wa-al-muta‘alliqah bi-ahālī al-‘Irāq wa-idāratihā al-malakīyah wa-al-muṣaddarah min al-qā’id al-‘āmm aw bi-tafwīḍ minhu min 11 Mārs 1917 ilá 30 Sibtambir sanat 1920</subfield>
	</datafield>
	<datafield ind1=" " ind2="1" tag="880">
		<subfield code="6">264-05</subfield>
		<subfield code="a">بغداد :</subfield>
		<subfield code="b">مطبعة الحكومة،</subfield>
		<subfield code="c">1921.</subfield>
	</datafield>
	<datafield ind1=" " ind2=" " tag="880">
		<subfield code="6">300-06</subfield>
		<subfield code="a">131 صفحة ؛</subfield>
		<subfield code="c">33 سم</subfield>
	</datafield>
	<datafield ind1=" " ind2=" " tag="959">
		<subfield code="a">NNU</subfield>
		<subfield code="b">WEB</subfield>
		<subfield code="c">GENI</subfield>
		<subfield code="t">0</subfield>
		<subfield code="m">Electronic access</subfield>
		<subfield code="s">01</subfield>
	</datafield>
	<datafield ind1=" " ind2=" " tag="999">
		<subfield code="i">LeBAU_b12761187</subfield>
		<subfield code="s">aub_aco001772</subfield>
		<subfield code="e">(ERROR-880)(ERROR-MISC)</subfield>
	</datafield>
</record>
